@inproceedings{DBLP:conf/eurocrypt/TessaroZ23a,
  author       = {Stefano Tessaro and
                  Chenzhi Zhu},
  title        = {Revisiting {BBS} Signatures},
  booktitle    = {{EUROCRYPT} {(5)}},
  series       = {Lecture Notes in Computer Science},
  volume       = {14008},
  pages        = {691--721},
  publisher    = {Springer},
  year         = {2023}
}

@inproceedings{flamini2025multi,
  title={Multi-holder anonymous credentials from BBS signatures},
  author={Flamini, Andrea and Lee, Eysa and Lysyanskaya, Anna},
  booktitle={Annual International Cryptology Conference},
  pages={325--357},
  year={2025},
  organization={Springer}
}

@inproceedings{DBLP:conf/crypto/BonehBS04,
  author       = {Dan Boneh and
                  Xavier Boyen and
                  Hovav Shacham},
  editor       = {Matthew K. Franklin},
  title        = {Short Group Signatures},
  booktitle    = {Advances in Cryptology - {CRYPTO} 2004, 24th Annual International
                  CryptologyConference, Santa Barbara, California, USA, August 15-19,
                  2004, Proceedings},
  series       = {Lecture Notes in Computer Science},
  volume       = {3152},
  pages        = {41--55},
  publisher    = {Springer},
  year         = {2004},
  url          = {https://doi.org/10.1007/978-3-540-28628-8\_3},
  doi          = {10.1007/978-3-540-28628-8\_3},
  timestamp    = {Tue, 14 May 2019 10:00:48 +0200},
  biburl       = {https://dblp.org/rec/conf/crypto/BonehBS04.bib},
  bibsource    = {dblp computer science bibliography, https://dblp.org}
}